<record><leader>00000cas a22000007a 4500</leader><controlfield tag="001">17497477</controlfield><controlfield tag="008">880218d19591961lauwr ne      0    0eng d</controlfield><datafield ind1=" " ind2=" " tag="010"><subfield code="a">sn 88064095 </subfield></datafield><datafield ind1=" " ind2=" " tag="040"><subfield code="a">LNP</subfield><subfield code="b">eng</subfield><subfield code="c">LNP</subfield><subfield code="d">OCLCQ</subfield><subfield code="d">OCLCF</subfield><subfield code="d">OCLCO</subfield><subfield code="d">DLC</subfield></datafield><datafield ind1=" " ind2=" " tag="042"><subfield code="a">msc</subfield></datafield><datafield ind1=" " ind2=" " tag="043"><subfield code="a">n-us-la</subfield></datafield><datafield ind1="0" ind2="4" tag="245"><subfield code="a">The Lafourche Parish press.</subfield></datafield><datafield ind1=" " ind2=" " tag="260"><subfield code="a">Thibodaux, La. :</subfield><subfield code="b">Charles H. Dupre</subfield></datafield><datafield ind1=" " ind2=" " tag="310"><subfield code="a">Weekly</subfield></datafield><datafield ind1="0" ind2=" " tag="362"><subfield code="a">Vol. 56, no. 3 (Mar. 11, 1959)-v. 58, no. 15 (June 14, 1961).</subfield></datafield><datafield ind1=" " ind2="0" tag="651"><subfield code="a">Thibodaux (La.)</subfield><subfield code="v">Newspapers.</subfield></datafield><datafield ind1=" " ind2="7" tag="651"><subfield code="a">Louisiana</subfield><subfield code="z">Thibodaux.</subfield><subfield code="2">fast</subfield><subfield code="0">(OCoLC)fst01225065</subfield></datafield><datafield ind1=" " ind2="7" tag="655"><subfield code="a">Newspapers.</subfield><subfield code="2">fast</subfield><subfield code="0">(OCoLC)fst01423814</subfield></datafield><datafield ind1=" " ind2=" " tag="752"><subfield code="a">United States</subfield><subfield code="b">Louisiana</subfield><subfield code="c">Lafourche</subfield><subfield code="d">Thibodaux.</subfield></datafield><datafield ind1="0" ind2="0" tag="780"><subfield code="t">Thibodaux commercial journal</subfield><subfield code="x">2377-9365</subfield><subfield code="w">(DLC)sn 88064094</subfield><subfield code="w">(OCoLC)17497463</subfield></datafield><datafield ind1="0" ind2="0" tag="785"><subfield code="t">Lafourche weekly press</subfield><subfield code="w">(DLC)sn 88064096</subfield></datafield><datafield ind1="1" ind2=" " tag="029"><subfield code="a">AU@</subfield><subfield code="b">000025823900</subfield></datafield></record>